@book{christen_2014, place={Berlin}, title={Data Matching Concepts and Techniques for Record Linkage, Entity Resolution, and Duplicate Detection}, publisher={Springer Berlin}, author={Christen, Peter}, year={2014}} 

@book{gelman_meng_2004, place={Chichester}, title={Applied Bayesian modeling and causal inference from incomplete-data perspectives}, publisher={Wiley}, author={Gelman, Andrew and Meng, Xiao-Li}, year={2004}} 

@book{gelman_carlin_stern_dunson_vehtari_rubin_2014, place={Boca Raton}, title={Bayesian data analysis}, publisher={CRC Press, Taylor & Francis Group, an informa business}, author={Gelman, Andrew and Carlin, John B. and Stern, Hal Steven and Dunson, David B. and Vehtari, Aki and Rubin, Donald B.}, year={2014}} 

@article{larsen_rubin_2001, title={Iterative Automated Record Linkage Using Mixture Models}, volume={96}, DOI={10.1198/016214501750332956}, number={453}, journal={Journal of the American Statistical Association}, author={Larsen, Michael D and Rubin, Donald B}, year={2001}, pages={32?41}} 

@article{tancredi_liseo_2011, title={A hierarchical Bayesian approach to record linkage and population size problems}, volume={5}, DOI={10.1214/10-aoas447}, number={2B}, journal={The Annals of Applied Statistics}, author={Tancredi, Andrea and Liseo, Brunero}, year={2011}, pages={1553?1585}}

@article{ridder_moffitt_2007, title={Chapter 75 The Econometrics of Data Combination}, DOI={10.1016/s1573-4412(07)06075-8}, journal={Handbook of Econometrics}, author={Ridder, Geert and Moffitt, Robert}, year={2007}, pages={5469?5547}}

@article{sadinle_2017, title={Bayesian Estimation of Bipartite Matchings for Record Linkage}, volume={112}, DOI={10.1080/01621459.2016.1148612}, number={518}, journal={Journal of the American Statistical Association}, author={Sadinle, Mauricio}, year={2017}, pages={600?612}}

@article{lahiri_larsen_2005, title={Regression Analysis With Linked Data}, volume={100}, DOI={10.1198/016214504000001277}, number={469}, journal={Journal of the American Statistical Association}, author={Lahiri, P and Larsen, Michael D}, year={2005}, pages={222?230}}

@article{tancredi_liseo_2015,
	author = {Andrea Tancredi and Brunero Liseo},
	title = {Regression analysis with linked data: problems and possible solutions},
	journal = {Statistica},
	volume = {75},
	number = {1},
	year = {2015},
	keywords = {Bayesian regression; Hit-miss model; Metropolis-Hastings algorithm; Record linkage},
	issn = {1973-2201},	pages = {19--35},	doi = {10.6092/issn.1973-2201/5821},
	url = {https://rivista-statistica.unibo.it/article/view/5821}
}

@article{larsen_2005,
author = {Larsen, Michael},
year = {2005},
month = {10},
pages = {},
title = {Hierarchical Bayesian Record Linkage Theory}
}

@article{fortini2001,
  title={On Bayesian record linkage},
  author={Fortini, Marco and Liseo, Brunero and Nuccitelli, Alessandra and Scanu, Mauro},
  journal={Research in Official Statistics},
  volume={4},
  number={1},
  pages={185--198},
  year={2001}
}

@article{winkler90,
author = {Winkler, William},
year = {1990},
month = {01},
pages = {},
title = {String Comparator Metrics and Enhanced Decision Rules in the Fellegi-Sunter Model of Record Linkage},
journal = {Proceedings of the Section on Survey Research Methods}
}

@book{herzog2007,
 author = {Herzog, Thomas N. and Scheuren, Fritz J. and Winkler, William E.},
 title = {Data Quality and Record Linkage Techniques},
 year = {2007},
 isbn = {0387695028, 9780387695020},
 edition = {1st},
 publisher = {Springer Publishing Company, Incorporated},
} 

@article{brooks_gelman_1998, title={General Methods for Monitoring Convergence of Iterative Simulations}, volume={7}, DOI={10.1080/10618600.1998.10474787}, number={4}, journal={Journal of Computational and Graphical Statistics}, author={Brooks, Stephen P. and Gelman, Andrew}, year={1998}, pages={434?455}}

@article{gelman_rubin_1992, title={Inference from Iterative Simulation Using Multiple Sequences}, volume={7}, DOI={10.1214/ss/1177011136}, number={4}, journal={Statistical Science}, author={Gelman, Andrew and Rubin, Donald B.}, year={1992}, pages={457?472}}
